@incollection{Lafitte2001,
abstract = {Las denominaciones empleadas en esta publicaci{\'{o}}n y la forma en que aparecen presentados los datos que contiene no implican, de parte de la Organizaci{\'{o}}n de las Naciones Unidas para la Agricultura y la Alimentaci{\'{o}}n, juicio alguno sobre la condici{\'{o}}n jur{\'{i}}dica de pa{\'{i}}ses, territorios, ciudades o zonas, o de sus autoridades, ni respecto de la delimitaci{\'{o}}n de sus fronteras o l{\'{i}}mites.},
address = {Roma},
author = {Lafitte, H. R.},
booktitle = {EL MA{\'{I}}Z EN LOS TR{\'{O}}PICOS: Mejoramiento y producci{\'{o}}n},
editor = {Paliwa, Ripusudan L. and Granado, Gonzalo and Lafitte, Honor Ren{\'{e}}e and Violic, Alejandro D.},
file = {:C$\backslash$:/Users/Usuario/Documents/Mendeley Desktop/Lafitte/EL MA{\'{I}}Z EN LOS TR{\'{O}}PICOS Mejoramiento y producci{\'{o}}n/Lafitte{\_}2001{\_}Fisiolog{\'{i}}a del ma{\'{i}}z tropical.pdf:pdf},
publisher = {FAO},
title = {{Fisiolog{\'{i}}a del ma{\'{i}}z tropical}},
url = {http://www.fao.org/docrep/003/x7650s/x7650s00.htm},
year = {2001}
}

@misc{GobiernodeColombia2018,
author = {{Gobierno de Colombia}},
title = {{Cadena productiva del ma{\'{i}}z: {\'{a}}rea de producci{\'{o}}n y rendimiento}},
url = {https://www.datos.gov.co/Agricultura-y-Desarrollo-Rural/Cadena-Productiva-Ma-z-Area-Producci-n-Y-Rendimien/d968-yfb5},
urldate = {2019-12-04},
year = {2018}
}

@misc{NASALPDAACattheUSGSEROSCenter2019,
annote = {Im{\'{a}}genes de temperatura},
author = {{NASA LP DAAC at the USGS EROS Center}},
doi = {https://doi.org/10.5067/MODIS/MOD11A1.006},
title = {{Im{\'{a}}genes de temperatura}},
url = {https://developers.google.com/earth-engine/datasets/catalog/MODIS\_006\_MOD11A1},
urldate = {2019-12-04},
year = {2019}
}

@misc{DANECOL2017,
author = {{Departamento Aministrativo Nacional de Estad{\'{i}}stica de Colombia}, DANE},
title = {{Nivel de referencia de veredas}},
url = {https://geoportal.dane.gov.co/servicios/descarga-y-metadatos/descarga-nivel-de-referencia-de-veredas/},
urldate = {2019-12-04},
year = {2017}
}

@incollection{FAO2006a,
address = {Roma},
author = {{FAO}},
booktitle = {Calendario de cultivos: Am{\'{e}}rica Latina y el Caribe},
file = {:C$\backslash$:/Users/Usuario/Documents/Mendeley Desktop/Unknown/Calendario de cultivos Am{\'{e}}rica Latina y el Caribe/Unknown{\_}2006{\_}Colombia.pdf:pdf},
number = {Estudio FAO producci{\'{o}}n y protecci{\'{o}}n vegetal},
pages = {79--92},
publisher = {FAO},
title = {{Colombia}},
volume = {186},
year = {2006}
}

@incollection{Fisiomaizfenalce2011,
author = {{Ospina Rojas}, Jos{\'{e}} Gabriel and {Duarte P{\'{e}}rez}, Carmen Julio},
booktitle = {Aspectos t{\'{e}}cnicos de la producci{\'{o}}n de ma{\'{i}}z en Colombia},
file = {:C$\backslash$:/Users/Usuario/Documents/Mendeley Desktop/Ospina Rojas, Duarte P{\'{e}}rez/Aspectos t{\'{e}}cnicos de la producci{\'{o}}n de ma{\'{i}}z en Colombia/Ospina Rojas, Duarte P{\'{e}}rez{\_}2011{\_}Fisiolog{\'{i}}a de la planta del ma{\'{i}}z.pdf:pdf},
pages = {33--59},
publisher = {Fenalce},
title = {{Fisiolog{\'{i}}a de la planta del ma{\'{i}}z}},
year = {2011}
}

@misc{horizon2020dmp2019,
author = {{Commission European}},
title = {{Extension of the open research data pilot in Horizon 2020}},
url = {https://ec.europa.eu/research/participants/docs/h2020-funding-guide/cross-cutting-issues/open-access-data-management/data-management_en.htm},
urldate = {2020-01-12},
year = {2019}
}

@misc{CreativeCommonsCorporation2020,
author = {{Creative Commons Corporation}},
title = {{Creative Commons — Reconocimiento 4.0 Internacional — CC BY 4.0}},
url = {https://creativecommons.org/licenses/by/4.0/deed.es_ES},
urldate = {2020-01-16},
year = {2019}
}

@misc{GOFARE2018,
author = {{GO FARE}},
title = {{FAIR Principles - GO FAIR}},
url = {https://www.go-fair.org/fair-principles/},
urldate = {2020-01-18},
year = {2018}
}

@misc{Backupworks.com2020,
author = {Backupworks.com},
title = {{LTO-1 Ultrium Data Cartridges - 100/200GB LTO1 Tape Media}},
url = {https://www.backupworks.com/LTO1-Ultrium-Tape-Media.aspx},
urldate = {2020-01-18},
year = {2020}
}



